%%%%%%%%%%
% Papers %
%%%%%%%%%%

@ARTICLE{EPJP24,
       author = {{Masina}, Isabella and {Lo Presti}, Giuseppe,
        title = "{Triad's consonance and dissonance: combining roughness and compactness models}",
      journal = {European Physical Journal Plus},
         year = 2024,
        month = jan,
       volume = {139},
       number = {79},
          doi = {10.1140/epjp/s13360-024-04863-3}
}

@INPROCEEDINGS{FA2023,
       author = {{Masina}, Isabella and {Lo Presti}, Giuseppe and {Stanzial}, Domenico},
        title = "{Samba and CERNBox: Providing online access to Windows-based users at CERN}",
    booktitle = {Forum Acusticum},
         year = 2023,
       series = {Forum Acusticum},
        month = september,
          doi = {10.61782/fa.2023.0267}
}

@ARTICLE{EPJP22,
       author = {{Masina}, Isabella and {Lo Presti}, Giuseppe and {Stanzial}, Domenico},
        title = "{Dyad's consonance and dissonance: combining the compactness and roughness approaches}",
      journal = {European Physical Journal Plus},
         year = 2022,
        month = nov,
       volume = {137},
       number = {11},
          eid = {1254},
        pages = {1254},
          doi = {10.1140/epjp/s13360-022-03456-2}
}

@INPROCEEDINGS{SambaCHEP21,
       author = {{Lo Presti}, Giuseppe and {Brosa Iartza}, Aritz and {Bukowiec}, Sebastian},
        title = "{Samba and CERNBox: Providing online access to Windows-based users at CERN}",
    booktitle = {European Physical Journal Web of Conferences},
         year = 2021,
       series = {European Physical Journal Web of Conferences},
       volume = {251},
        month = may,
          eid = {02024},
        pages = {02024},
          doi = {10.1051/epjconf/202125102024}
}

@INPROCEEDINGS{CERNBoxCHEP20,
       author = {{Gonz{\'a}lez Labrador}, Hugo and {Bippus}, Vincent Nicolas and {Bukowiec}, Sebastian and {Castro}, Diogo and {Dellabella}, Sebastien and {Kwiatek}, Michal and {Lo Presti}, Giuseppe and {Mascetti}, Luca and {Mo{\'s}cicki}, Jakub T. and {Puentes}, Esteban and {Seweryn}, Piotr Jan and {Smyrnakis}, Apostolos},
        title = "{Evolution of the CERNBox platform to support the Malt project}",
    booktitle = {European Physical Journal Web of Conferences},
         year = 2020,
       series = {European Physical Journal Web of Conferences},
       volume = {245},
        month = nov,
          eid = {08015},
        pages = {08015},
          doi = {10.1051/epjconf/202024508015}
}

@INPROCEEDINGS{CHEP2020,
       author = {{Mascetti}, Luca and {Arsuaga Rios}, Maria and {Bocchi}, Enrico and {Calado Vicente}, Joao and {Kwok Cheong}, Belinda Chan and {Castro}, Diogo and {Collet}, Julien and {Contescu}, Cristian and {Gonzalez Labrador}, Hugo and {Iven}, Jan and {Lamanna}, Massimo and {Lo Presti}, Giuseppe and {Mouratidis}, Theofilos and {Mo{\'s}cicki}, Jakub T. and {Musset}, Paul and {Pelletier}, Remy and {Valverde Cameselle}, Roberto and {Van Der Ster}, Daniel},
        title = "{CERN Disk Storage Services: Report from last data taking, evolution and future outlook towards Exabyte-scale storage}",
    booktitle = {European Physical Journal Web of Conferences},
         year = 2020,
       series = {European Physical Journal Web of Conferences},
       volume = {245},
        month = nov,
          eid = {04038},
        pages = {04038},
          doi = {10.1051/epjconf/202024504038},
       adsurl = {https://ui.adsabs.harvard.edu/abs/2020EPJWC.24504038M},
      adsnote = {Provided by the SAO/NASA Astrophysics Data System}
}

@INPROCEEDINGS{CERNBoxCHEP19,
       author = {{Labrador}, Hugo Gonz{\'a}lez and {Alexandropoulos}, Georgios and {Bocchi}, Enrico and {Castro}, Diogo and {Chan}, Belinda and {Contescu}, Cristian and {Lamanna}, Massimo and {Lo Presti}, Giuseppe and {Mascetti}, Luca and {Moscicki}, Jakub and {Musset}, Paul and {Karavakis}, Edward and {Pelletier}, Remy and {Valverde}, Roberto},
        title = "{CERNBox: the CERN cloud storage hub}",
    booktitle = {European Physical Journal Web of Conferences},
         year = 2019,
       series = {European Physical Journal Web of Conferences},
       volume = {214},
        month = jul,
          eid = {04038},
        pages = {04038},
          doi = {10.1051/epjconf/201921404038}
}

@INPROCEEDINGS{CHEP19,
       author = {{Rousseau}, Herv{\'e} and {Chan Kwok Cheong}, Belinda and {Contescu}, Cristian and {Espinal Curull}, Xavier and {Iven}, Jan and {Gonzalez Labrador}, Hugo and {Lamanna}, Massimo and {Lo Presti}, Giuseppe and {Mascetti}, Luca and {Moscicki}, Jakub and {van der Ster}, Dan},
        title = "{Providing large-scale disk storage at CERN}",
    booktitle = {European Physical Journal Web of Conferences},
         year = 2019,
       series = {European Physical Journal Web of Conferences},
       volume = {214},
        month = jul,
          eid = {04033},
        pages = {04033},
          doi = {10.1051/epjconf/201921404033}
}

@article{CHEP17,
  author        = "Espinal, X and Bocchi, E and Chan, B and Fiorot, A and Iven, J and Lo Presti, G and Lopez, J and
                   Gonz\'alez, H and Lamanna, M and Mascetti, L and Mo\'scicki, J and Pace, A and Peters, A and Ponce, S and
                   Rousseau, H and van der Ster, D",
  title         = "{CERN Data Services for LHC Computing}",
  journal       = "J. Phys.: Conf. Ser.",
  volume        = "898",
  pages         = "062028. 8 p",
  year          = "2017",
  url           = "http://cds.cern.ch/record/2297054",
}

@article{CHEP15,
	author        = "Mascetti, L and Cano, E and Chan, B and Espinal, X and Fiorot, A and Gonz\'alez, H and
	                 Iven, J and Lamanna, M and Lo Presti, G and Mo\'scicki, JT and Peters, AJ and Ponce, S and Rousseau, H and van der Ster, D",
	title         = "{Disk storage at CERN}",
	journal       = "J. Phys.: Conf. Ser.",
	volume        = "664",
	pages         = "042035. 7 p",
	year          = "2015",
	url           = "http://cds.cern.ch/record/2134571",
}

@article{EspinalCHEP13,
  author        = "Espinal, Xavier and Adde, G and Chan, B and Iven, J and Lo
                   Presti, G and Lamanna, M and Mascetti, L and Pace, A and
                   Peters, AJ and Ponce, S and Sindrilaru, E",
  title         = "{Disk storage at CERN: Handling LHC data and beyond}",
  journal       = "J. Phys.: Conf. Ser.",
  volume        = "513",
  pages         = "042017. 7 p",
  year          = "2014",
  url           = "http://cds.cern.ch/record/2026331",
}

@InProceedings{CastorCHEP13,
       author = {{Lo Presti}, G. and {Espinal Curull}, X. and {Cano}, E. and {Fiorini}, B. and {Ieri}, A. and {Murray}, S. and {Ponce}, S. and {Sindrilaru}, E.},
        title = "{Streamlining CASTOR to manage the LHC data torrent}",
    booktitle = {Journal of Physics Conference Series},
         year = 2014,
       series = {Journal of Physics Conference Series},
       volume = {513},
        month = jun,
          eid = {042031},
        pages = {042031},
          doi = {10.1088/1742-6596/513/4/042031}
}

@InProceedings{CHEP12,
  title={{Tape write efficiency improvements in CASTOR}},
  author={Murray, Steven and Bahyl, Vlado and Cancio, German and Cano, Eric and Kotlyar, Victor and {Lo Presti}, Giuseppe and Lo Re, Giuseppe and Ponce, S\'ebastien},
  booktitle={Journal of Physics: Conference Series, CHEP Conference},
  year={2012},
  month={May},
  volume={396},
  number={},
  ee={http://indico.cern.ch/abstractDisplay.py?abstractId=415\&confId=149557},
  bibsource={IOP, http://iopscience.iop.org/1742-6596/396/4/042042}
}

@article{JSAC08,
  author    = {Honggang Zhang and
               Giovanni Neglia and
               Donald F. Towsley and
               Giuseppe {Lo Presti}},
  title     = {{Stability and Efficiency of Unstructured File Sharing Networks}},
  journal   = {IEEE Journal on Selected Areas in Communications},
  volume    = {26},
  number    = {7},
  year      = {2008},
  pages     = {1284-1294},
  ee        = {http://dx.doi.org/10.1109/JSAC.2008.080925},
  bibsource = {DBLP, http://dblp.uni-trier.de}
}

@Article{DonnoSRM08,
  author    = "Donno, Flavia et al.",
  title     = "{Storage Resource Manager version 2.2: Design,
                implementation, and testing experience}",
  journal   = "J. Phys. Conf. Ser.",
  volume    = "119",
  year      = "2008",
  pages     = "062028",
  ee        = "10.1088/1742-6596/119/6/062028",
}

@InProceedings{CHEP07,
  title={{CASTOR2: design and development of a scalable architecture for a hierarchical storage system at CERN}},
  author={B\"arring, Olof and {Garcia Rioja}, Rosa Maria and {Lo Presti}, Giuseppe and Ponce, S\'ebastien and Taurelli, Giulia and Waldron, Dennis},
  booktitle={Journal of Physics: Conference Series, CHEP Conference},
  year={2007},
  month={September},
  volume={119},
  number={},
  ee={http://indico.cern.ch/contributionDisplay.py?contribId=62\&confId=3580},
  ISSN={},
}

@InProceedings{CastorMSST07, 
  title={{CASTOR: A Distributed Storage Resource Facility for High Performance Data Processing at CERN}}, 
  author={{Lo Presti}, Giuseppe and B\"arring, Olof and Earl, Alasdair and {Garcia Rioja}, Rosa Maria and Ponce, S\'ebastien and Taurelli, Giulia and Waldron, Dennis and {Coelho Dos Santos}, Miguel}, 
  booktitle={24\textsuperscript{th} IEEE Conference on Mass Storage Systems and Technologies Proceedings}, 
  year={2007}, 
  month={September}, 
  volume={}, 
  number={}, 
  pages={275-280}, 
  ee={10.1109/MSST.2007.4367985}, 
  ISSN={},
}

@inproceedings{SRMMSST07,
  author    = {Lana Abadie et al.},
  title     = {{Storage Resource Managers: recent International Experience
               on Requirements and Multiple Co-Operating Implementations}},
  booktitle = {24\textsuperscript{th} IEEE Conference on Mass Storage Systems and Technologies Proceedings}, 
  year      = {2007},
  month     = {September},
  pages     = {47-59},
  ee        = {http://doi.ieeecomputersociety.org/10.1109/MSST.2007.31},
  bibsource = {DBLP, http://dblp.uni-trier.de}
}

@inproceedings{Netcoop07,
  author    = {Giovanni Neglia and
               Giuseppe {Lo Presti} and
               Honggang Zhang and
               Donald F. Towsley},
  title     = {{A Network Formation Game Approach to Study BitTorrent Tit-for-Tat}},
  booktitle = {1\textsuperscript{st} International Conference on Network Control and Optimization Proceedings},
  year      = {2007},
  month     = {June},
  pages     = {13-22},
  ee        = {http://dx.doi.org/10.1007/978-3-540-72709-5_2},
  bibsource = {DBLP, http://dblp.uni-trier.de}
}

@inproceedings{Infocom07,
  author    = {Honggang Zhang and
               Giovanni Neglia and
               Donald F. Towsley and
               Giuseppe {Lo Presti}},
  title     = {{On Unstructured File Sharing Networks}},
  booktitle = {IEEE Infocom Proceedings},
  year      = {2007},
  month     = {May},
  pages     = {2189-2197},
  ee        = {http://dx.doi.org/10.1109/INFCOM.2007.253},
  bibsource = {DBLP, http://dblp.uni-trier.de}
}

@PhdThesis{PhDThesis,
  author =   {Giuseppe {Lo Presti}},
  title  =   {{Peer-to-Peer Architectures in Distributed Data Management Systems for Large Hadron Collider Experiments}},
  school =   {{University of Palermo, Italy, and CERN}},
  year   =   {2005},
  month  =   {February},
  ee     =   {http://cdsweb.cern.ch/record/1376688}
}

@inproceedings{ICTAI04,
  author    = {Salvatore Gaglio and
               Luca Gatani and
               Giuseppe {Lo Presti} and
               Giuseppe {Lo Re} and
               Alfonso Urso},
  title     = {{A Dynamic Reasoning Architecture for Computer Networks Management}},
  booktitle = {IEEE Tools with Artificial Intelligence Conference},
  year      = {2004},
  month     = {November},
  pages     = {779-781},
  ee        = {http://doi.ieeecomputersociety.org/10.1109/ICTAI.2004.8},
  bibsource = {DBLP, http://dblp.uni-trier.de}
}

@inproceedings{ICCS04,
  author    = {Giuseppe {Lo Presti} and
               Giuseppe {Lo Re} and
               Pietro Storniolo and
               Alfonso Urso},
  title     = {{A Grid-Enabled Parallel Hybrid Genetic Algorithm for the Steiner Problem in Networks}},
  booktitle = {4\textsuperscript{th} International Conference on Computational Science Proceedings},
  year      = {2004},
  month     = {June},
  pages     = {156-163},
  ee        = {http://springerlink.metapress.com/openurl.asp?genre=article{\&}issn=0302-9743{\&}volume=3036{\&}spage=156},
  bibsource = {DBLP, http://dblp.uni-trier.de}
}

@inproceedings{IASTED03,
  author    = {Giuseppe {Di Fatta} and
               Giuseppe {Lo Presti} and
               Giuseppe {Lo Re}},
  title     = {{A Parallel Genetic Algorithm for the Steiner Problem in Networks}},
  booktitle = {15\textsuperscript{th} IASTED Conference on Parallel and Distributed Computing and Systems Proceedings},
  year      = {2003},
  month     = {November},
  pages     = {569-573},
}

@inproceedings{AIIA03,
  author    = {Giuseppe {Di Fatta} and
               Salvatore Gaglio and
               Giuseppe {Lo Presti} and
               Giuseppe {Lo Re} and
               Ignazio Selvaggio},
  title     = {{Distributed Intelligent Management of Active Networks}},
  booktitle = {Italian Association for Artificial Intelligence Conference Proceedings},
  year      = {2003},
  month     = {September},
  pages     = {312-323},
  ee        = {http://springerlink.metapress.com/openurl.asp?genre=article{\&}issn=0302-9743{\&}volume=2829{\&}spage=312},
  bibsource = {DBLP, http://dblp.uni-trier.de}
}

@inproceedings{IWAN02,
  author    = {Giuseppe {Di Fatta} and
               Salvatore Gaglio and
               Giuseppe {Lo Presti} and
               Giuseppe {Lo Re}},
  title     = {{Logical Reasoning for Active Networks Management}},
  booktitle = {4\textsuperscript{th} International Working Conference on Active Networks Proceedings},
  year      = {2002},
  month     = {December}
}

@inproceedings{GIREP98,
  author    = {Giuseppe {Lo Presti} and Rosalia Zangara},
  title     = {{The Stochastic Resonance: a hands-on experiment}},
  booktitle = {International GIREP Conference Proceedings},
  year      = {1998},
  month     = {August}
}


%%%%%%%%%%%%%%%%%
% Presentations %
%%%%%%%%%%%%%%%%%

@Misc{EGI23,
  title =  {{ScienceMesh - Unlocking Open Science and Collaborative Research Landscape}}, 
  howpublished = {EGI Conference},
  month =  {June},
  year =   {2023},
  note =   {\\ \href{https://cs3mesh4eosc.eu/news-events/events/cs3mesh4eosc-final-event-science-mesh-unlocking-open-science-and-collaborative}{cs3mesh4eosc.eu/news-events/events/cs3mesh4eosc-final-event-science-mesh-unlocking-open-science-and-collaborative}}
}

@Misc{CHEP23,
  title =  {{ScienceMesh: pan-European collaboration fabric for Science}}, 
  howpublished = {CHEP Conference},
  month =  {May},
  year =   {2023},
  note =   {\\ \href{https://indico.jlab.org/event/459/contributions/11676}{indico.jlab.org/event/459/contributions/11676}}
}

@Misc{CS3W23,
  title =  {{Applications integration beyond local clouds with OCM}},
  howpublished = {CS3 Workshop},
  month =  {March},
  year =   {2023},
  note =   {\\ \href{https://indico.cern.ch/event/1210538/contributions/5206694}{indico.cern.ch/event/1210538/contributions/5206694}}
}

@Misc{EOSW22,
  title =  {{Samba: service evolution and experience with bind mounts}},
  howpublished = {EOS Workshop},
  month =  {March},
  year =   {2022},
  note =   {\\ \href{https://indico.cern.ch/event/1103358/contributions/4754966}{indico.cern.ch/event/1103358/contributions/4754966}}
}

@Misc{Samba21,
  title =  {{Experience running a clustered Samba gateway for CERNBox}},
  howpublished = {SambaXP Event 2021},
  month =  {May},
  year =   {2021},
  note =   {\\ \href{https://www.youtube.com/watch?v=LyCSKt6tUpg}{www.youtube.com/watch?v=LyCSKt6tUpg}}
}

@Misc{EOSW21,
  title =  {{Multi-lock support for Office offline and online applications in CERNBox}},
  howpublished = {EOS Workshop},
  month =  {March},
  year =   {2021},
  note =   {\\ \href{https://indico.cern.ch/event/985953/contributions/4238601}{indico.cern.ch/event/985953/contributions/4238601}}
}

@Misc{CS3W21,
  title =  {{OnlyOffice and Collabora Online Experience at CERN}}, 
  howpublished = {CS3 Workshop},
  month =  {January},
  year =   {2021},
  note =   {\\ \href{https://indico.cern.ch/event/970232/contributions/4157936}{indico.cern.ch/event/970232/contributions/4157936}}
}

@Misc{IEA20,
  title =  {{Dealing with Big Data}},
  howpublished = {Special Session on \emph{Data Processing and Validation}, International Energy Agency, Paris},
  month =  {February},
  year =   {2020}
}

@Misc{EOSW20,
  title =  {{High-Available Samba setup for CERNBox}}, 
  howpublished = {EOS Workshop},
  month =  {February},
  year =   {2020},
  note =   {\\ \href{https://indico.cern.ch/event/862873/contributions/3724437}{indico.cern.ch/event/862873/contributions/3724437}}
}

@Misc{CS3W20,
  title =  {{Reva: IOP, the Inter-Operability Platform}}, 
  howpublished = {CS3 Workshop},
  month =  {January},
  year =   {2020},
  note =   {\\ \href{https://indico.cern.ch/event/663264/contributions/2819134}{indico.cern.ch/event/663264/contributions/2819134}}
}

@Misc{CS3W19,
  title =  {{CERNBox as the CERN Apps Hub}}, 
  howpublished = {CS3 Workshop},
  month =  {January},
  year =   {2019},
  note =   {\\ \href{https://indico.cern.ch/event/726040/contributions/3260357}{indico.cern.ch/event/726040/contributions/3260357}}
}

@Misc{CS3W18,
  title =  {{From Sync \& Share to Collaborative Platforms: the CERNBox case}}, 
  howpublished = {CS3 Workshop},
  month =  {January},
  year =   {2018},
  note =   {\\ \href{https://indico.cern.ch/event/663264/contributions/2819134}{indico.cern.ch/event/663264/contributions/2819134}}
}

@Misc{HEPiX17,
  title =  {{Storage for Science at CERN}}, 
  howpublished = {HEPiX Workshop},
  month =  {October},
  year =   {2017},
  note =   {\\ \href{https://indico.cern.ch/event/637013/contributions/2739331}{indico.cern.ch/event/637013/contributions/2739331}}
}

@Misc{ownCloud17,
  title =  {{Collaborative editing (and more) in CERNBox}},
  howpublished = {ownCloud Conference, University of N{\"u}rnberg},
  month =  {September},
  year =   {2017},
  note =   {\\ \href{https://www.slideshare.net/giuseppelopresti/collaborative-editing-and-more-in-cernbox}{www.slideshare.net/giuseppelopresti/collaborative-editing-and-more-in-cernbox}}
}

@Misc{Unife16,
  title =  {{Distributed Storage for the LHC Experiments}},
  howpublished = {Seminar at University of Ferrara},
  year =   {2016},
  note =   {\\ \href{https://agenda.infn.it/conferenceDisplay.py?confId=10898}{agenda.infn.it/conferenceDisplay.py?confId=10898}}
}

@Misc{CASTORF2FCh,
	title =  {{\textit{Convener}}},
	howpublished = {CASTOR Face-to-face workshops},
	year =   {2015-2017},
	note =   {\\ \href{http://indico.cern.ch/event/455059}{indico.cern.ch/event/455059},
            \\ \href{http://indico.cern.ch/event/527274}{indico.cern.ch/event/527274},
            \\ \href{http://indico.cern.ch/event/595710}{indico.cern.ch/event/595710}
           }
}

@Misc{ITER12,
  title =  {{Managing Petabytes at CERN}}, 
  howpublished = {ITER Workshop on Archiving Technologies},
  month =  {June},
  year =   {2012},
  note =   {\\ \href{https://indico.cern.ch/conferenceDisplay.py?confId=195101}{indico.cern.ch/conferenceDisplay.py?confId=195101}}
}

@Misc{HEPiX11,
  title =  {{CASTOR and EOS status and plans}}, 
  howpublished = {HEPiX Workshop},
  month =  {October},
  year =   {2011},
  note =   {\\ \href{http://indico.cern.ch/conferenceTimeTable.py?confId=138424}{indico.cern.ch/conferenceTimeTable.py?confId=138424}}
}

@Misc{LLNL09,
  title =  {{Data Management Components for CERN and WLCG}},
  howpublished = {Meeting with LLNL on Data Management},
  month =  {June},
  year =   {2009},
  note =   {\\ \href{http://indico.cern.ch/conferenceDisplay.py?confId=61968}{indico.cern.ch/conferenceDisplay.py?confId=61968}}
}

@Misc{GDB09,
  title =  {{SRM usage statistics}},
  howpublished = {GDB meeting},
  month =  {May},
  year =   {2009},
  note =   {\\ \href{http://indico.cern.ch/conferenceDisplay.py?confId=45475}{indico.cern.ch/conferenceDisplay.py?confId=45475}}
}

@Misc{Parallel08,
  title =  {{Multithreading in CASTOR}},
  howpublished = {OpenLab Multithreading and Parallelism Workshop},
  month =  {\\ May and July},
  year =   {2008},
  note =   {\\ \href{http://indico.cern.ch/contributionDisplay.py?contribId=3\&confId=36281}{indico.cern.ch/contributionDisplay.py?contribId=3\&confId=36281}}
}

@Misc{HEPiX08,
  title =  {{SRM and Monitoring projects in CASTOR}},
  howpublished = {HEPiX Workshop},
  month =  {October},
  year =   {2008},
  note =   {\\ \href{http://indico.twgrid.org/conferenceTimeTable.py?confId=471}{indico.twgrid.org/conferenceTimeTable.py?confId=471}}
}

@Misc{DBW08,
  title =  {{DB Tuning: best practices from a developer's perspective}},
  howpublished = {Database Developers' Workshop},
  month =  {July},
  year =   {2008},
  note =   {\\ \href{http://indico.cern.ch/conferenceDisplay.py?confId=36288}{indico.cern.ch/conferenceDisplay.py?confId=36288}}
}

@Misc{LHCCReview07,
  title =  {{CASTOR and SRM status}},
  howpublished = {LHCC Review},
  month =  {March},
  year =   {2007},
  note =   {\\ \href{http://indico.cern.ch/conferenceDisplay.py?confId=13565}{indico.cern.ch/conferenceDisplay.py?confId=13565}}
}

@Misc{DReview06,
  title =  {{Progress on responses to recommendations}},
  howpublished = {CASTOR Delta Review},
  month =  {December},
  year =   {2006},
  note =   {\\ \href{http://indico.cern.ch/conferenceDisplay.py?confId=7724}{indico.cern.ch/conferenceDisplay.py?confId=7724}}
}

@Misc{Review06,
  title =  {{Architecture Overview \textit{and others}}},
  howpublished = {CASTOR Review},
  month =  {June},
  year =   {2006},
  note =   {\\ \href{http://indico.cern.ch/conferenceDisplay.py?confId=2916}{http://indico.cern.ch/conferenceDisplay.py?confId=2916}}
}

@Misc{CASTORF2F,
  title =  {{\textit{Multiple contributions}}},
  howpublished = {CASTOR external operations workshop},
  year =   {2005-onwards},
  note =   {\\ \href{http://indico.cern.ch/category/581}{indico.cern.ch/category/581}}
}

# \\ \href{http://indico.cern.ch/conferenceDisplay.py?confId=33376}{http://indico.cern.ch/conferenceDisplay.py?confId=33376}
# \\ \href{http://indico.cern.ch/conferenceDisplay.py?confId=6314}{http://indico.cern.ch/conferenceDisplay.py?confId=6314}
# \\ \href{http://indico.cern.ch/conferenceDisplay.py?confId=21377}{http://indico.cern.ch/conferenceDisplay.py?confId=21377}
# \\ \href{http://indico.cern.ch/conferenceDisplay.py?confId=a053238}{http://indico.cern.ch/conferenceDisplay.py?confId=a053238}}

@Misc{CMS04,
  title =  {{Peer-to-Peer Architectures for Discovery in DAQ Systems}},
  howpublished = {CMS DAQ weekly\\ meetings},
  month =  {June},
  year =   {2004},
  note =   {\\ \href{http://cmsdoc.cern.ch/cms/TRIDAS/distribution/Meetings/DAQ.weekly/0DW2004/DAQw2004.html}
  {cmsdoc.cern.ch/cms/TRIDAS/distribution/Meetings/DAQ.weekly\\ /0DW2004/DAQw2004.html}}
}


%%%%%%%%%%%%%%%%%%%%%%%%%
% Misc (not referenced) %
%%%%%%%%%%%%%%%%%%%%%%%%%

@Misc{cern:home,
	OPTkey = 		 {},
	author = 	     {CERN web pages},
	title = 		 {{CERN Web portal}},
	howpublished = {URL : http://www.cern.ch/},
	OPTmonth = 		 {},
	year = 		 {2005},
	OPTnote = 		 {},
	OPTannote = 	 {}
}

@InProceedings{eurogridproject,
	author = {Ben Segal},
	title = {{Grid Computing: The European Data Project}},
	booktitle = {EEE Nuclear Science Symposium and Medical Imaging Conference},
	OPTkey =   {},
	OPTpages = {},
	year = {2000},
}

@InProceedings{globusproject,
	author = 			 {Ian Foster and Carl Kesselman},
	title = 			 {{Globus: A Metacomputing Infrastructure Toolkit}},
	booktitle = 	 {Intl J. Supercomputer Applications},
	OPTcrossref =  {},
	OPTkey = 			 {},
	pages = 		   {115-128},
	year = 		     {1997},
	OPTeditor = 	 {},
	volume = 	     {11(2)},
	OPTnumber = 	 {},
	OPTseries = 	 {},
	OPTaddress = 	 {},
	OPTmonth = 		 {},
	OPTorganization = {},
	OPTpublisher = {},
	OPTnote = 		 {},
	OPTannote = 	 {}
}

@InProceedings{gridproject,
	author = 			 {Wolfgang Hoschek and Javier Jaen-Martinez and Asad Samar and Heinz Stockinger and Kurt Stockinger},
	title = 			 {Data Management in an International Data Grid Project},
	booktitle = 	 {IEEE/ACM International Workshop on Grid Computing Grid'2000},
	OPTcrossref =  {},
	OPTkey = 			 {},
	OPTpages = 		 {},
	year = 		     {2000},
	OPTeditor = 	 {},
	OPTvolume = 	 {},
	OPTnumber = 	 {},
	OPTseries = 	 {},
	OPTaddress = 	 {},
	OPTmonth = 		 {},
	OPTorganization = {},
	OPTpublisher = {},
	OPTnote = 		 {},
	OPTannote = 	 {}
}

@Article{CORBA,
	author = 			 {Mark Betz},
	title = 			 {OMG's CORBA - An emerging standard for real-world implementations},
	journal = 		 {Dr. Dobbs Journal},
	year = 				 {1994},
	OPTkey = 			 {},
	OPTvolume = 	 {},
	OPTnumber = 	 {},
	OPTpages = 		 {},
	OPTmonth = 		 {},
	OPTnote = 		 {},
	OPTannote = 	 {}
}

@Misc{rmi,
	OPTkey = 			 {},
	author = 	     {Sun Microsystems},
	title = 		   {Java Remote Method Invocation - Specifications},
	howpublished = {http://java\-.sun\-.com\-/j2se/1.3/docs/guide/rmi/spec/rmiTOC.html},
	OPTmonth = 		 {},
	year = 		 {2005},
	OPTnote = 		 {},
	OPTannote = 	 {}
}


%%%%%%%%%%%%%%%%
% CERN related %
%%%%%%%%%%%%%%%%

@Misc{Castor,
  OPTkey = 	 {},
  author = 	 {{CERN web pages}},
  title = 	 {{The CASTOR project}},
  howpublished = {http://castor.cern.ch},
  OPTmonth = 	 {},
  year = 	 {2005},
  OPTnote = 	 {},
  OPTannote = 	 {}
}

@Misc{DataGrid,
  key = {DataGrid Project},
  title = {The DataGrid Project},
  howpublished = {http://eu-datagrid.web.cern.ch/eu-datagrid/},
  year = {2005}
}

@Misc{EGEE,
  key = {EGEE},
  title = {Enabling Grid For E-sciencE},
  howpublished = {http://egee-intranet.web.cern.ch/egee-intranet/gateway.html/},
  year = {2005}
}

@Misc{EuroGrid,
  key = {EuroGrid},
  title = {The EuroGrid Project},
  howpublished = {http://www.eurogrid.org//},
  year = {2005}
}

@article{DBLP:journals/cacm/NewmanEO03,
  author    = {Harvey Newman and
               Mark H. Ellisman and
               John A. Orcutt},
  title     = {Data-intensive e-science frontier research.},
  journal   = {Commun. ACM},
  volume    = {46},
  number    = {11},
  year      = {2003},
  pages     = {68-77},
  ee        = {http://doi.acm.org/10.1145/948411},
  bibsource = {DBLP, http://dblp.uni-trier.de}
}
